@unpublished{White21,
    author={White, Zak},
    title={{Identifying Mutations in ACE2 That Influence Susceptibility to SARS-CoV-2}},
    note={CSC482B: Computational Biology Algorithms, University of Victoria},
    year={2021},
    month={11},
    day={26}
}


@Article{Rudin2019,
    author={Rudin, Cynthia},
    title={Stop explaining black box machine learning models for high stakes decisions and use interpretable models instead},
    journal={{Nature Machine Intelligence}},
    year={2019},
    volume={1},
    number={5},
    issn={2522-5839},
    doi={10.1038/s42256-019-0048-x},
}


@Article{Luan2020,
author={Luan, Junwen
and Lu, Yue
and Jin, Xiaolu
and Zhang, Leiliang},
title={{Spike protein recognition of mammalian ACE2 predicts the host range and an optimized ACE2 for SARS-CoV-2 infection}},
journal={Biochemical and biophysical research communications},
year={2020},
month={05},
day={21},
edition={2020/03/19},
publisher={Elsevier Inc.},
volume={526},
number={1},
pages={165-169},
issn={1090-2104},
doi={10.1016/j.bbrc.2020.03.047},
url={https://pubmed.ncbi.nlm.nih.gov/32201080},
}

@Article{Zhao2020,
author={Xuesen Zhao  and Danying Chen  and Robert Szabla  and Mei Zheng  and Guoli Li  and Pengcheng Du  and Shuangli Zheng  and Xinglin Li  and Chuan Song  and Rui Li  and Ju-Tao Guo  and Murray Junop  and Hui Zeng  and Hanxin Lin  and Tom Gallagher },
title={{Broad and Differential Animal Angiotensin-Converting Enzyme 2 Receptor Usage by SARS-CoV-2}},
journal={Journal of Virology},
volume={94},
number={18},
pages={e00940-20},
year={2020},
doi={10.1128/JVI.00940-20},
% url={https://journals.asm.org/doi/abs/10.1128/JVI.00940-20},
}

@Article{Leroy2020,
author={Leroy, Eric M.
and Ar Gouilh, Meriadeg
and Brug{\`e}re-Picoux, Jeanne},
title={{The risk of SARS-CoV-2 transmission to pets and other wild and domestic animals strongly mandates a one-health strategy to control the COVID-19 pandemic}},
journal={One health (Amsterdam, Netherlands)},
year={2020},
month={12},
edition={2020/04/13},
publisher={Elsevier},
volume={10},
pages={100133-100133},
issn={2352-7714},
doi={10.1016/j.onehlt.2020.100133},
url={https://pubmed.ncbi.nlm.nih.gov/32363229},
}

@Article{Richard2020,
author={Richard, Mathilde
and Kok, Adinda
and de Meulder, Dennis
and Bestebroer, Theo M.
and Lamers, Mart M.
and Okba, Nisreen M. A.
and Fentener van Vlissingen, Martje
and Rockx, Barry
and Haagmans, Bart L.
and Koopmans, Marion P. G.
and Fouchier, Ron A. M.
and Herfst, Sander},
title={{SARS-CoV-2 is transmitted via contact and via the air between ferrets}},
journal={Nature communications},
year={2020},
month={07},
day={08},
publisher={Nature Publishing Group UK},
volume={11},
number={1},
pages={3496-3496},
issn={2041-1723},
doi={10.1038/s41467-020-17367-2},
url={https://pubmed.ncbi.nlm.nih.gov/32641684},
language={eng}
}

@Article{OudeMunnink2021,
author={Oude Munnink, Bas B.
and Sikkema, Reina S.
and Nieuwenhuijse, David F.
and Molenaar, Robert Jan
and Munger, Emmanuelle
and Molenkamp, Richard
and van der Spek, Arco
and Tolsma, Paulien
and Rietveld, Ariene
and Brouwer, Miranda
and Bouwmeester-Vincken, Noortje
and Harders, Frank
and Hakze-van der Honing, Renate
and Wegdam-Blans, Marjolein C. A.
and Bouwstra, Ruth J.
and GeurtsvanKessel, Corine
and van der Eijk, Annemiek A.
and Velkers, Francisca C.
and Smit, Lidwien A. M.
and Stegeman, Arjan
and van der Poel, Wim H. M.
and Koopmans, Marion P. G.},
title={{Transmission of SARS-CoV-2 on mink farms between humans and mink and back to humans}},
journal={Science (New York, N.Y.)},
year={2021},
month={01},
day={08},
edition={2020/11/10},
publisher={{American Association for the Advancement of Science}},
volume={371},
number={6525},
pages={172-177},
issn={1095-9203},
doi={10.1126/science.abe5901},
url={https://pubmed.ncbi.nlm.nih.gov/33172935},
}

@Article{Palmer2021,
author={Palmer, Mitchell V.
and Martins, Mathias
and Falkenberg, Shollie
and Buckley, Alexandra
and Caserta, Leonardo C.
and Mitchell, Patrick K.
and Cassmann, Eric D.
and Rollins, Alicia
and Zylich, Nancy C.
and Renshaw, Randall W.
and Guarino, Cassandra
and Wagner, Bettina
and Lager, Kelly
and Diel, Diego G.},
title={{Susceptibility of white-tailed deer (Odocoileus virginianus) to SARS-CoV-2}},
journal={Journal of virology},
year={2021},
month={03},
day={10},
publisher={{American Society for Microbiology}},
volume={95},
number={11},
pages={e00083-21},
issn={1098-5514},
doi={10.1128/JVI.00083-21},
url={https://pubmed.ncbi.nlm.nih.gov/33692203},
}


@Article{Chan2020,
author={Chan, Jasper Fuk-Woo
and Zhang, Anna Jinxia
and Yuan, Shuofeng
and Poon, Vincent Kwok-Man
and Chan, Chris Chung-Sing
and Lee, Andrew Chak-Yiu
and Chan, Wan-Mui
and Fan, Zhimeng
and Tsoi, Hoi-Wah
and Wen, Lei
and Liang, Ronghui
and Cao, Jianli
and Chen, Yanxia
and Tang, Kaiming
and Luo, Cuiting
and Cai, Jian-Piao
and Kok, Kin-Hang
and Chu, Hin
and Chan, Kwok-Hung
and Sridhar, Siddharth
and Chen, Zhiwei
and Chen, Honglin
and To, Kelvin Kai-Wang
and Yuen, Kwok-Yung},
title={{Simulation of the Clinical and Pathological Manifestations of Coronavirus Disease 2019 (COVID-19) in a Golden Syrian Hamster Model: Implications for Disease Pathogenesis and Transmissibility}},
journal={Clinical infectious diseases : an official publication of the Infectious Diseases Society of America},
year={2020},
month={12},
day={03},
publisher={Oxford University Press},
volume={71},
number={9},
pages={2428-2446},
issn={1537-6591},
doi={10.1093/cid/ciaa325},
url={https://pubmed.ncbi.nlm.nih.gov/32215622},
}

@online{OIE2022,
  title={{COVID-19 - Events in Animals}},
  author      ={World Organization for Animal Health},
  institution ={OIE},
%   address     = "12, rue de Prony 75017 Paris, France",
  year        = 2022,
  month       = 03,
  url         = {https://www.oie.int/en/what-we-offer/emergency-and-resilience/covid-19/#ui-id-3}
}

@Article{Sreenivasan2020,
author={Sreenivasan, Chithra C. 
and Thomas, Milton
and Wang, Dan
and Li, Feng},
title={{Susceptibility of livestock and companion animals to COVID-19
}},
journal={Journal of Medical Virology},
year={2020},
month={10},
day={22},
edition={2021/03},
publisher={Wiley Periodicals LLC},
volume={93},
number={3},
pages={1351-1360},
issn={1090-2104},
doi={10.1002/jmv.26621},
% url={https://onlinelibrary.wiley.com/doi/10.1002/jmv.26621},
}


@Article{Shi2020,
author={Shi, Jianzhong
and Wen, Zhiyuan
and Zhong, Gongxun
and Yang, Huanliang
and Wang, Chong
and Huang, Baoying
and Liu, Renqiang
and He, Xijun
and Shuai, Lei
and Sun, Ziruo
and Zhao, Yubo
and Liu, Peipei
and Liang, Libin
and Cui, Pengfei
and Wang, Jinliang
and Zhang, Xianfeng
and Guan, Yuntao
and Tan, Wenjie
and Wu, Guizhen
and Chen, Hualan
and Bu, Zhigao},
title={Susceptibility of ferrets, cats, dogs, and other domesticated animals to SARS-coronavirus 2},
journal={Science (New York, N.Y.)},
year={2020},
month={05},
day={29},
edition={2020/04/08},
publisher={American Association for the Advancement of Science},
volume={368},
number={6494},
pages={1016-1020},
issn={1095-9203},
doi={10.1126/science.abb7015},
url={https://pubmed.ncbi.nlm.nih.gov/32269068},
% url={https://doi.org/10.1126/science.abb7015},
language={eng}
}

@Article{Lu2020,
author={Lu, Shuaiyao
and Zhao, Yuan
and Yu, Wenhai
and Yang, Yun
and Gao, Jiahong
and Wang, Junbin
and Kuang, Dexuan
and Yang, Mengli
and Yang, Jing
and Ma, Chunxia
and Xu, Jingwen
and Qian, Xingli
and Li, Haiyan
and Zhao, Siwen
and Li, Jingmei
and Wang, Haixuan
and Long, Haiting
and Zhou, Jingxian
and Luo, Fangyu
and Ding, Kaiyun
and Wu, Daoju
and Zhang, Yong
and Dong, Yinliang
and Liu, Yuqin
and Zheng, Yinqiu
and Lin, Xiaochen
and Jiao, Li
and Zheng, Huanying
and Dai, Qing
and Sun, Qiangming
and Hu, Yunzhang
and Ke, Changwen
and Liu, Hongqi
and Peng, Xiaozhong},
title={{Comparison of nonhuman primates identified the suitable model for COVID-19}},
journal={Signal transduction and targeted therapy},
year={2020},
month={10},
day={19},
publisher={Nature Publishing Group UK},
volume={5},
number={1},
pages={157-157},
issn={2059-3635},
doi={10.1038/s41392-020-00269-6},
url={https://pubmed.ncbi.nlm.nih.gov/32814760},
language={eng}
}

@article{Woolsey2020,
	author = {Woolsey, Courtney and Borisevich, Viktoriya and Prasad, Abhishek N. and Agans, Krystle N. and Deer, Daniel J. and Dobias, Natalie S. and Heymann, John C. and Foster, Stephanie L. and Levine, Corri B. and Medina, Liana and Melody, Kevin and Geisbert, Joan B. and Fenton, Karla A. and Geisbert, Thomas W. and Cross, Robert W.},
	title = {{Establishment of an African green monkey model for COVID-19}},
	elocation-id = {2020.05.17.100289},
	year = {2020},
	doi = {10.1101/2020.05.17.100289},
	publisher = {Cold Spring Harbor Laboratory},
	URL = {https://www.biorxiv.org/content/early/2020/05/17/2020.05.17.100289},
	journal = {bioRxiv}
}

@Article{Schlottau2020,
author={Schlottau, Kore
and Rissmann, Melanie
and Graaf, Annika
and Sch{\"o}n, Jacob
and Sehl, Julia
and Wylezich, Claudia
and H{\"o}per, Dirk
and Mettenleiter, Thomas C.
and Balkema-Buschmann, Anne
and Harder, Timm
and Grund, Christian
and Hoffmann, Donata
and Breithaupt, Angele
and Beer, Martin},
title={{SARS-CoV-2 in fruit bats, ferrets, pigs, and chickens: an experimental transmission study}},
journal={The Lancet. Microbe},
year={2020},
month={09},
edition={2020/07/07},
publisher={The Author(s). Published by Elsevier Ltd.},
volume={1},
number={5},
pages={e218-e225},
issn={2666-5247},
doi={10.1016/S2666-5247(20)30089-6},
url={https://pubmed.ncbi.nlm.nih.gov/32838346},
language={eng}
}

@Article{Andersen2020,
author={Andersen, Kristian G.
and Rambaut, Andrew
and Lipkin, W. Ian
and Holmes, Edward C.
and Garry, Robert F.},
title={{The proximal origin of SARS-CoV-2}},
journal={Nature medicine},
year={2020},
month={04},
publisher={Nature Publishing Group US},
volume={26},
number={4},
pages={450-452},
issn={1546-170X},
doi={10.1038/s41591-020-0820-9},
url={https://pubmed.ncbi.nlm.nih.gov/32284615},
language={eng}
}

@Article{Mottaqi2021,
author={Mottaqi, Mohammad Sadeq
and Mohammadipanah, Fatemeh
and Sajedi, Hedieh},
title={{Contribution of machine learning approaches in response to SARS-CoV-2 infection}},
journal={Informatics in medicine unlocked},
year={2021},
edition={2021/01/24},
publisher={The Authors. Published by Elsevier Ltd.},
volume={23},
pages={100526-100526},
issn={2352-9148},
doi={10.1016/j.imu.2021.100526},
url={https://pubmed.ncbi.nlm.nih.gov/33869730},
language={eng}
}

@article{Kakadiaris2018,
author = {Ioannis A. Kakadiaris  and Michalis Vrigkas  and Albert A. Yen  and Tatiana Kuznetsova  and Matthew Budoff  and Morteza Naghavi },
title = {{Machine Learning Outperforms ACC/AHA CVD Risk Calculator in MESA}},
journal = {Journal of the American Heart Association},
volume = {7},
number = {22},
pages = {e009476},
year = {2018},
doi = {10.1161/JAHA.118.009476},
% URL = {https://www.ahajournals.org/doi/abs/10.1161/JAHA.118.009476},
eprint = {https://www.ahajournals.org/doi/pdf/10.1161/JAHA.118.009476}
}

@misc{UniProt,
    author={UniProt},
    title={{ACE2 - Angiotensin-converting enzyme 2 precursor - Homo sapiens (Human) - ACE2 gene \& protein}},
    url={https://www.uniprot.org/uniprot/Q9BYF1},
    urldate={2022-02-21},
}

@Article{Li2005,
author={Li, Wenhui
and Zhang, Chengsheng
and Sui, Jianhua
and Kuhn, Jens H.
and Moore, Michael J.
and Luo, Shiwen
and Wong, Swee-Kee
and Huang, I-Chueh
and Xu, Keming
and Vasilieva, Natalya
and Murakami, Akikazu
and He, Yaqing
and Marasco, Wayne A.
and Guan, Yi
and Choe, Hyeryun
and Farzan, Michael},
title={Receptor and viral determinants of SARS-coronavirus adaptation to human ACE2},
journal={The EMBO journal},
year={2005},
month={04},
day={20},
edition={2005/03/24},
volume={24},
number={8},
pages={1634-1643},
issn={0261-4189},
doi={10.1038/sj.emboj.7600640},
url={https://pubmed.ncbi.nlm.nih.gov/15791205},
language={eng}
}


@article{Singh2021,
    doi = {10.1371/journal.pcbi.1009560},
    author = {King, Sean B. AND Singh, Mona},
    journal = {PLOS Computational Biology},
    publisher = {Public Library of Science},
    title = {Comparative genomic analysis reveals varying levels of mammalian adaptation to coronavirus infections},
    year = {2021},
    month = {11},
    volume = {17},
    url = {https://doi.org/10.1371/journal.pcbi.1009560},
    pages = {1-15},
    number = {11},
}

@Article{Li2021,
    author={Li, Ruiting and Qin, Chengfeng},
    title={{Expression pattern and function of SARS-CoV-2 receptor ACE2}},
    year={2021},
    month={08},
    day={27},
    issn={2590-0536},
    url={https://www.sciencedirect.com/science/article/pii/S2590053621000860}
}

@Article{Iqbal2014,
author={Iqbal, Muhammad Javed
and Faye, Ibrahima
and Samir, Brahim Belhaouari
and Md Said, Abas},
title={{Efficient Feature Selection and Classification of Protein Sequence Data in Bioinformatics}},
journal={The Scientific World Journal},
year={2014},
month={06},
day={19},
publisher={Hindawi Publishing Corporation},
volume={2014},
pages={173869},
issn={2356-6140},
doi={10.1155/2014/173869},
% url={https://doi.org/10.1155/2014/173869}
}


@Article{Saidi2010,
author={Saidi, Rabie
and Maddouri, Mondher
and Mephu Nguifo, Engelbert},
title={Protein sequences classification by means of feature extraction with substitution matrices},
journal={BMC Bioinformatics},
year={2010},
month={04},
day={08},
volume={11},
number={1},
pages={175},
issn={1471-2105},
doi={10.1186/1471-2105-11-175},
% url={https://doi.org/10.1186/1471-2105-11-175}
}

@Article{Patel2016,
author={Patel, Puja},
title={Binary classification of protein sequence using machine learning},
year={2016},
month={05},
url={http://ir.ahduni.edu.in/xmlui/handle/123456789/385}
}


@Article{Abdi2007,
author={Abdi, Hervé},
title={{Discriminant Correspondence
Analysis}},
journal={{Encyclopedia of Measurement and Statistic}},
year={2007},
month={01},
doi={10.1186/1471-2105-11-175},
% url={https://personal.utdallas.edu/~herve/Abdi-DCA2007-pretty.pdf},
url={https://www.researchgate.net/publication/242390704_Discriminant_Correspondence_Analysis}
}

@Book{Vu2015,
  author    = {Vu, Julie and Harrington, David},
  title     = {{Introductory Statistics for the Life and
Biomedical Sciences}},
  publisher = {{OpenIntro Statistics}},
  year      = 2015
}

@Article{PatrickWalters2021,
author={Patrick Walters, W.},
title={Comparing classification models---a practical tutorial},
journal={{Journal of Computer-Aided Molecular Design}},
year={2021},
month={09},
day={22},
issn={1573-4951},
doi={10.1007/s10822-021-00417-2},
url={https://doi.org/10.1007/s10822-021-00417-2}
}

@Book{Crawley2015,
  author    = {Crawley, Michael J.},
  title     = {{Statistics: An Introduction Using R}},
  publisher = {{Wiley}},
  year      = 2015
}
